[gd_scene load_steps=18 format=2]

[ext_resource path="res://fonts/LiberationSans-Bold.ttf" type="DynamicFontData" id=1]
[ext_resource path="res://scripts/game_over_button.gd" type="Script" id=2]
[ext_resource path="res://scripts/game_over.gd" type="Script" id=3]
[ext_resource path="res://assets/hud_seeds.png" type="Texture" id=4]
[ext_resource path="res://assets/hud_trophy.png" type="Texture" id=5]
[ext_resource path="res://assets/hud_cogs.png" type="Texture" id=6]
[ext_resource path="res://assets/robot-1.png" type="Texture" id=7]
[ext_resource path="res://scripts/AnimatedCounter.gd" type="Script" id=8]
[ext_resource path="res://assets/burning_forest.png" type="Texture" id=9]
[ext_resource path="res://materials/game_over_fonts.tres" type="DynamicFont" id=10]

[sub_resource type="GradientTexture2D" id=1]

[sub_resource type="Animation" id=8]
length = 0.001
tracks/0/type = "value"
tracks/0/path = NodePath(".:modulate")
tracks/0/interp = 1
tracks/0/loop_wrap = true
tracks/0/imported = false
tracks/0/enabled = true
tracks/0/keys = {
"times": PoolRealArray( 0 ),
"transitions": PoolRealArray( 1 ),
"update": 0,
"values": [ Color( 0.203922, 0.203922, 0.203922, 0 ) ]
}

[sub_resource type="Animation" id=6]
resource_name = "fade_in"
length = 5.0
tracks/0/type = "value"
tracks/0/path = NodePath(".:modulate")
tracks/0/interp = 2
tracks/0/loop_wrap = true
tracks/0/imported = false
tracks/0/enabled = true
tracks/0/keys = {
"times": PoolRealArray( 0, 5 ),
"transitions": PoolRealArray( 1, 1 ),
"update": 0,
"values": [ Color( 0.203922, 0.203922, 0.203922, 0 ), Color( 0.752941, 0.752941, 0.752941, 1 ) ]
}

[sub_resource type="GDScript" id=7]
script/source = "extends AnimationPlayer

func _ready():
	play(\"fade_in\")
"

[sub_resource type="DynamicFont" id=2]
size = 120
outline_size = 2
outline_color = Color( 0, 0, 0, 1 )
font_data = ExtResource( 1 )

[sub_resource type="Theme" id=3]

[sub_resource type="DynamicFont" id=5]
size = 50
font_data = ExtResource( 1 )

[node name="game_over" type="Node2D"]
z_index = 3000
script = ExtResource( 3 )

[node name="Sprite" type="Sprite" parent="."]
visible = false
modulate = Color( 1, 1, 1, 0.709804 )
position = Vector2( 717.5, 360.5 )
scale = Vector2( 23.4219, 12.2656 )
texture = SubResource( 1 )

[node name="burning_forest" type="Sprite" parent="."]
modulate = Color( 0.203922, 0.203922, 0.203922, 0 )
position = Vector2( 717, 238 )
scale = Vector2( 1.42334, 1.42334 )
texture = ExtResource( 9 )

[node name="animation" type="AnimationPlayer" parent="burning_forest"]
anims/RESET = SubResource( 8 )
anims/fade_in = SubResource( 6 )
script = SubResource( 7 )

[node name="Label" type="Label" parent="."]
anchor_left = 0.5
anchor_top = 1.0
anchor_right = 0.5
anchor_bottom = 1.0
margin_top = 33.0
margin_right = 1437.0
margin_bottom = 168.0
custom_fonts/font = SubResource( 2 )
text = "Game over"
align = 1
valign = 1

[node name="center" type="CenterContainer" parent="."]
margin_left = -2.0
margin_top = 198.0
margin_right = 1438.0
margin_bottom = 488.0

[node name="grid" type="GridContainer" parent="center"]
margin_left = 355.0
margin_top = 25.0
margin_right = 1084.0
margin_bottom = 265.0
columns = 3

[node name="label" type="Label" parent="center/grid"]
margin_right = 577.0
margin_bottom = 57.0
theme = SubResource( 3 )
custom_fonts/font = ExtResource( 10 )
text = "score : "
align = 2

[node name="score" type="Label" parent="center/grid"]
margin_left = 581.0
margin_right = 665.0
margin_bottom = 57.0
theme = SubResource( 3 )
custom_fonts/font = ExtResource( 10 )
text = "123"
align = 2
script = ExtResource( 8 )
smooth_coef = 0.05

[node name="TextureRect2" type="TextureRect" parent="center/grid"]
margin_left = 669.0
margin_right = 729.0
margin_bottom = 57.0
grow_horizontal = 2
grow_vertical = 2
rect_min_size = Vector2( 60, 0 )
texture = ExtResource( 5 )
expand = true
stretch_mode = 5

[node name="label3" type="Label" parent="center/grid"]
margin_top = 61.0
margin_right = 577.0
margin_bottom = 118.0
theme = SubResource( 3 )
custom_fonts/font = ExtResource( 10 )
text = "nombre d'enemis tués : "
align = 2

[node name="nb_enemies" type="Label" parent="center/grid"]
margin_left = 581.0
margin_top = 61.0
margin_right = 665.0
margin_bottom = 118.0
theme = SubResource( 3 )
custom_fonts/font = ExtResource( 10 )
text = "123"
align = 2
script = ExtResource( 8 )
smooth_coef = 0.05

[node name="TextureRect4" type="TextureRect" parent="center/grid"]
margin_left = 669.0
margin_top = 61.0
margin_right = 729.0
margin_bottom = 118.0
texture = ExtResource( 7 )
expand = true
stretch_mode = 6

[node name="label5" type="Label" parent="center/grid"]
margin_top = 122.0
margin_right = 577.0
margin_bottom = 179.0
theme = SubResource( 3 )
custom_fonts/font = ExtResource( 10 )
text = "graines restantes : "
align = 2

[node name="seeds" type="Label" parent="center/grid"]
margin_left = 581.0
margin_top = 122.0
margin_right = 665.0
margin_bottom = 179.0
theme = SubResource( 3 )
custom_fonts/font = ExtResource( 10 )
text = "123"
align = 2
script = ExtResource( 8 )
smooth_coef = 0.05

[node name="TextureRect3" type="TextureRect" parent="center/grid"]
margin_left = 669.0
margin_top = 122.0
margin_right = 729.0
margin_bottom = 179.0
texture = ExtResource( 4 )
expand = true
stretch_mode = 5

[node name="label7" type="Label" parent="center/grid"]
margin_top = 183.0
margin_right = 577.0
margin_bottom = 240.0
theme = SubResource( 3 )
custom_fonts/font = ExtResource( 10 )
text = "rouages restants : "
align = 2

[node name="cogs" type="Label" parent="center/grid"]
margin_left = 581.0
margin_top = 183.0
margin_right = 665.0
margin_bottom = 240.0
theme = SubResource( 3 )
custom_fonts/font = ExtResource( 10 )
text = "123"
align = 2
script = ExtResource( 8 )
smooth_coef = 0.05

[node name="TextureRect" type="TextureRect" parent="center/grid"]
margin_left = 669.0
margin_top = 183.0
margin_right = 729.0
margin_bottom = 240.0
texture = ExtResource( 6 )
expand = true
stretch_mode = 6

[node name="center2" type="CenterContainer" parent="."]
margin_left = -2.0
margin_top = 490.0
margin_right = 1438.0
margin_bottom = 721.0

[node name="replay" type="Button" parent="center2"]
margin_left = 570.0
margin_top = 65.0
margin_right = 870.0
margin_bottom = 165.0
rect_min_size = Vector2( 300, 100 )
custom_fonts/font = SubResource( 5 )
text = "rejouer"
script = ExtResource( 2 )
