[gd_scene load_steps=8 format=2]

[ext_resource path="res://assets/plant-pot-2.png" type="Texture" id=1]
[ext_resource path="res://scripts/pot.gd" type="Script" id=2]
[ext_resource path="res://nodes/wheels/plant_wheel.tscn" type="PackedScene" id=3]
[ext_resource path="res://nodes/tools/click_area.tscn" type="PackedScene" id=4]
[ext_resource path="res://nodes/wheels/upgrade_wheel.tscn" type="PackedScene" id=5]

[sub_resource type="CircleShape2D" id=1]
radius = 40.0

[sub_resource type="CircleShape2D" id=2]

[node name="pot" type="Node2D"]
script = ExtResource( 2 )

[node name="sprite" type="Sprite" parent="."]
scale = Vector2( 0.15, 0.15 )
texture = ExtResource( 1 )

[node name="plant_wheel" parent="." instance=ExtResource( 3 )]
visible = false

[node name="plant_wheel_click_area" parent="." instance=ExtResource( 4 )]

[node name="shape" type="CollisionShape2D" parent="plant_wheel_click_area"]
shape = SubResource( 1 )

[node name="upgrade_wheel" parent="." instance=ExtResource( 5 )]
visible = false

[node name="upgrade_wheel_click_area" parent="." instance=ExtResource( 4 )]
visible = false

[node name="shape" type="CollisionShape2D" parent="upgrade_wheel_click_area"]
shape = SubResource( 1 )

[node name="plant_shape" type="CollisionShape2D" parent="upgrade_wheel_click_area"]
position = Vector2( 0, -38 )
shape = SubResource( 2 )
disabled = true

[node name="spawn_point" type="Position2D" parent="."]
position = Vector2( 0, -18 )
